<?xml version="1.0" encoding="UTF-8"?><collection xmlns="http://www.loc.gov/MARC21/slim"><record><leader>00619nam--2200169-i-4500</leader><controlfield tag="001">000005056</controlfield><controlfield tag="002">20161230</controlfield><controlfield tag="005">20161230201026</controlfield><controlfield tag="008">060222s1000------------r-----000-0-eng-d</controlfield><datafield ind1=" " ind2=" " tag="040"><subfield code="a">IFIN-HH</subfield></datafield><datafield ind1=" " ind2=" " tag="080"><subfield code="a">413.239:621.375</subfield></datafield><datafield ind1="1" ind2=" " tag="100"><subfield code="a">Clason, W. E</subfield></datafield><datafield ind1="1" ind2="0" tag="245"><subfield code="a">Elsevier's dictionary of amplification, modulation, reception and transmission in six languages english/american, french, spanish, italian, dutch and german</subfield><subfield code="b">Compiled and arranged on english alphabetical base</subfield><subfield code="c">W.e. clason</subfield></datafield><datafield ind1=" " ind2=" " tag="260"><subfield code="a">Amsterdam</subfield><subfield code="b">Elsevier Publishing Company</subfield><subfield code="c">1960</subfield></datafield><datafield ind1=" " ind2=" " tag="300"><subfield code="a">804P</subfield></datafield><datafield ind1=" " ind2=" " tag="852"><subfield code="a">D.186</subfield><subfield code="c">SLT</subfield></datafield><datafield ind1=" " ind2=" " tag="CAT"><subfield code="a">Sys</subfield><subfield code="c">20130220</subfield><subfield code="h">111003</subfield></datafield></record></collection>